
@article{NIST,
  author = {P. Mell; T. Grace},
  title = {The NIST Definition of Cloud Computing},
  year = {2011},
  url = {http://nvlpubs.nist.gov/nistpubs/Legacy/SP/nistspecialpublication800-145.pdf},
  organization = {National Institute of Standards and Technology},
  type = {Special Publication 800-145}
}

@INPROCEEDINGS{DillonWuChang, 
author={T. Dillon; C. Wu; E. Chang}, 
booktitle={2010 24th IEEE International Conference on Advanced Information Networking and Applications}, 
title={Cloud Computing: Issues and Challenges}, 
year={2010}, 
pages={27-33}, 
doi={10.1109/AINA.2010.187}, 
ISSN={1550-445X}, 
}

@article{BhardwajJain,
author = {S. Bhardwaj; L. Jain; S. Jain},
title = {Cloud Computing: A Study of Infrastructure As A Service (IAAS)},
year = {2010},
pages = {60-63},
ISSN = {0976-0253},
url = {http://www.academia.edu/1181740/Cloud_computing_A_study_of_infrastructure_as_a_service_IAAS_},

}

@article{GoyalSumit,
author={Goyal; Sumit},
year={2014},
title={Public vs Private vs Hybrid vs Community - Cloud Computing: A Critical Review},
journal={International Journal of Computer Network and Information Security},
volume={6},
number={3},
pages={20-29},
noe={Copyright - Copyright Modern Education and Computer Science Press Feb 2014; Last updated - 2014-11-23},
isbn={20749090},
language={English},
url={https://search.proquest.com/docview/1624016976?accountid=12870},
}

@INPROCEEDINGS{Ramgovind, 
author={S. Ramgovind; M. M. Eloff; E. Smith}, 
booktitle={2010 Information Security for South Africa}, 
title={The management of security in Cloud computing}, 
year={2010}, 
pages={1-7},  
doi={10.1109/ISSA.2010.5588290}, 
ISSN={2330-9881},
}

@book{Robinson,
Abstract = {This report discusses how policy-makers might address the challenges and risks in respect of the security, privacy and trust aspects of cloud computing that could undermine the attainment of broader economic and societal objectives across Europe.},
Author = {Robinson, Neil and Cave, Jonathan and Valeri, Lorenzo},
ISBN = {9780833059581},
Publisher = {RAND Corporation},
Title = {The Cloud : Understanding the Security, Privacy and Trust Challenges.},
URL = {http://search.ebscohost.com/login.aspx?direct=true&db=nlebk&AN=408758&site=ehost-live},
Year = {2011},
}

@book{AftabBLE,
Author = {Aftab, Muhammad},
title ={Building Bluetooth Low Energy Systems},
Publisher = {Packt Publishing},
year = {2017},
ISBN = {978-1-78646-183-4},

}

@Inbook{Baun,
author="Baun, Christian
and Kunze, Marcel
and Nimis, Jens
and Tai, Stefan",
title="Cloud Computing: Web-Based Dynamic IT Services",
year="2011",
publisher="Springer Berlin Heidelberg",
address="Berlin, Heidelberg",
abstract="With this book, we want to give our readers an overview of cloud computing architecture, services, and applications, but it is not intended to be exhaustive. It is our aim to bring all readers up to date on this technology and thus to provide a common basis for discussion. This book does not require any knowledge of the technological background.",
isbn="978-3-642-20917-8",
doi="10.1007/978-3-642-20917-8",
url="https://doi.org/10.1007/978-3-642-20917-8_1"
}

@online{IBM,
title={IBM Cloud Computing},
url={https://www.ibm.com/cloud-computing},

}

@online{Amazon,
title={Amazon Web Services},
url={https://aws.amazon.com},

}

@online{Azure,
title={Microsoft Azure},
url={https://azure.microsoft.com},
  
}

@online{Google,
title={Google Cloud Platform},
url={https://cloud.google.com/},

}

@online{Oracle,
title={Oracle Cloud},
url={https://cloud.oracle.com/en_US/home},
}
@online{Rackspace,
title={Rackspace},
url={https://www.rackspace.com/},
}
@online{stackify,
title={Azure vs AWS comparison},
url={https://stackify.com/azure-vs-aws-comparison/},
}
@online{predictive,
title={Private Cloud Comparison},    
url={predictiveanalyticstoday.com/top-private-cloud-computing-solutions/},
}
@online{10biggest,
title={10 Biggest Cloud Computing Companies in the World},
url={http://www.insidermonkey.com/blog/10-biggest-cloud-computing-companies-in-the-world-518585/?singlepage=1},
}
@online{Forbestop,
title={The World's Most-Powerful Cloud-Computing Vendors},
url={https://www.forbes.com/sites/bobevans1/2017/06/05/meet-the-cloud-wars-top-10-the-worlds-most-powerful-cloud-computing-vendors/#625d34534e1e},
}

@online{BLENordic,
title={Things you should know about Bluetooth Range},
url={https://blog.nordicsemi.com/getconnected/things-you-should-know-about-bluetooth-range}
}

@online{TBs,
title={Thunderboard Sense User's Guide},
url = {https://www.silabs.com/documents/public/user-guides/ug250-tb001-user-guide.pdf},
}

@online{TBScan,
title={Thunderboard Sense with Raspberry Pi and Python},
url={https://www.silabs.com/community/projects.entry.html/2017/03/08/thunderboard_sensew-Scqr},
}

@online{bluepy,
title={Using Bluetooth LE with Python},
url={https://www.elinux.org/RPi_Bluetooth_LE#Using_Bluetooth_LE_with_Python},
}

@online{smartgrid,
title={What is the Smart Grid},
url={https://www.smartgrid.gov/the_smart_grid/smart_grid.html},
}

@online{dynamodb_intro,
title={What Is Amazon DynamoDB},
url={http://docs.aws.amazon.com/amazondynamodb/latest/developerguide/HowItWorks.CoreComponents.html},
}

@online{aws_docs,
title={AWS Documentation},
url={http://docs.aws.amazon.com},
}

@online{django,
title={Django makes it easier to build better Web apps more quickly and with less code},
url={https://www.djangoproject.com/},    
}

@online{graphos,
title={Graphos},
url={https://github.com/agiliq/django-graphos},
}